<collection xmlns="http://www.loc.gov/MARC21/slim">
<record>
  <leader>02173nam0a22003851i 450 </leader>
  <controlfield tag="001">IT\ICCU\CNCE\036189</controlfield>
  <controlfield tag="005">20181214000000.0</controlfield>
  <datafield tag="012" ind1=" " ind2=" ">
    <subfield code="a">o.e, i.i, o.o. CoCh (3) 1540 (R)</subfield>
    <subfield code="2">fei</subfield>
  </datafield>
  <datafield tag="100" ind1=" " ind2=" ">
    <subfield code="a">19980120d1540        0itac0103    ba</subfield>
  </datafield>
  <datafield tag="101" ind1=" " ind2=" ">
    <subfield code="a">ITA</subfield>
  </datafield>
  <datafield tag="102" ind1=" " ind2=" ">
    <subfield code="a">IT</subfield>
  </datafield>
  <datafield tag="200" ind1="1" ind2=" ">
    <subfield code="a">℗Le ℗belle rime di messer Veronese da Pistoia, cio ̈canzoni, madriali et sonetti nouamente stampati</subfield>
  </datafield>
  <datafield tag="210" ind1=" " ind2=" ">
    <subfield code="a">In Verona</subfield>
    <subfield code="c">per Antonio Putelleto Portese</subfield>
    <subfield code="d">1540</subfield>
    <subfield code="e">In Verona</subfield>
    <subfield code="g">per Antonio Puteletto Portese</subfield>
    <subfield code="h">1540</subfield>
  </datafield>
  <datafield tag="215" ind1=" " ind2=" ">
    <subfield code="a">18, \2! c.</subfield>
    <subfield code="d">8ʻ</subfield>
  </datafield>
  <datafield tag="620" ind1=" " ind2=" ">
    <subfield code="a">IT</subfield>
    <subfield code="d">Verona</subfield>
  </datafield>
  <datafield tag="700" ind1=" " ind2="0">
    <subfield code="a">Veronese</subfield>
    <subfield code="c"> : da#Pistoia</subfield>
    <subfield code="3">IT\ICCU\CNCA\010118</subfield>
  </datafield>
  <datafield tag="712" ind1="0" ind2="0">
    <subfield code="a">Putelletto, Antonio</subfield>
    <subfield code="3">IT\ICCU\CNCT\000732</subfield>
    <subfield code="4">650</subfield>
  </datafield>
  <datafield tag="791" ind1="0" ind2="0">
    <subfield code="a">Portese, Antonio</subfield>
    <subfield code="3">IT\ICCU\CNCT\002008</subfield>
    <subfield code="z">Putelletto, Antonio</subfield>
  </datafield>
  <datafield tag="791" ind1="0" ind2="0">
    <subfield code="a">Puteolo, Antonio</subfield>
    <subfield code="3">IT\ICCU\CNCT\002737</subfield>
    <subfield code="z">Putelletto, Antonio</subfield>
  </datafield>
  <datafield tag="791" ind1="0" ind2="0">
    <subfield code="a">Putelleto, Antonio</subfield>
    <subfield code="3">IT\ICCU\CNCT\005530</subfield>
    <subfield code="z">Putelletto, Antonio</subfield>
  </datafield>
  <datafield tag="791" ind1="0" ind2="0">
    <subfield code="a">Portesius, Antonius</subfield>
    <subfield code="3">IT\ICCU\CNCT\005532</subfield>
    <subfield code="z">Putelletto, Antonio</subfield>
  </datafield>
  <datafield tag="791" ind1="0" ind2="0">
    <subfield code="a">Puteolus, Antonius</subfield>
    <subfield code="3">IT\ICCU\CNCT\005534</subfield>
    <subfield code="z">Putelletto, Antonio</subfield>
  </datafield>
  <datafield tag="791" ind1="0" ind2="0">
    <subfield code="a">Putelletus, Antonius</subfield>
    <subfield code="3">IT\ICCU\CNCT\005537</subfield>
    <subfield code="z">Putelletto, Antonio</subfield>
  </datafield>
  <datafield tag="801" ind1=" " ind2="3">
    <subfield code="a">IT</subfield>
    <subfield code="b">ICCU</subfield>
    <subfield code="c">20201114</subfield>
  </datafield>
  <datafield tag="899" ind1=" " ind2=" ">
    <subfield code="a">Biblioteca nazionale centrale. Firenze</subfield>
    <subfield code="1">FI0098</subfield>
    <subfield code="2">CFI CF</subfield>
  </datafield>
  <datafield tag="899" ind1=" " ind2=" ">
    <subfield code="a">Archivio storico civico e Biblioteca Trivulziana. Milano</subfield>
    <subfield code="1">MI0327</subfield>
    <subfield code="2">LO1 13</subfield>
  </datafield>
  <datafield tag="899" ind1=" " ind2=" ">
    <subfield code="a">Biblioteca Estense Universitaria. Modena</subfield>
    <subfield code="1">MO0089</subfield>
    <subfield code="2">MOD BE</subfield>
  </datafield>
  <datafield tag="899" ind1=" " ind2=" ">
    <subfield code="a">Biblioteca universitaria. Padova</subfield>
    <subfield code="1">PD0158</subfield>
    <subfield code="2">PUV 00</subfield>
  </datafield>
  <datafield tag="899" ind1=" " ind2=" ">
    <subfield code="a">Biblioteca comunale Augusta. Perugia</subfield>
    <subfield code="1">PG0109</subfield>
    <subfield code="2">UM1 01</subfield>
  </datafield>
  <datafield tag="899" ind1=" " ind2=" ">
    <subfield code="a">Biblioteca nazionale Marciana. Venezia</subfield>
    <subfield code="1">VE0049</subfield>
    <subfield code="2">VEA BM</subfield>
  </datafield>
  <datafield tag="899" ind1=" " ind2=" ">
    <subfield code="a">Biblioteche della Fondazione Giorgio Cini onlus. Venezia</subfield>
    <subfield code="1">VE0239</subfield>
    <subfield code="2">VEA FC</subfield>
  </datafield>
  <datafield tag="911" ind1=" " ind2=" ">
    <subfield code="a">Sul front.</subfield>
    <subfield code="9">IT\ICCU\CNCM\000240</subfield>
  </datafield>
  <datafield tag="911" ind1=" " ind2=" ">
    <subfield code="a">In fine</subfield>
    <subfield code="9">IT\ICCU\CNCM\000208</subfield>
  </datafield>
  <datafield tag="921" ind1=" " ind2=" ">
    <subfield code="a">IT\ICCU\CNCM\000240</subfield>
    <subfield code="b">Speranza (donna a mani giunte che si appoggia su un&apos;ancora sostenuta da una sfera in mezzo al mare)</subfield>
    <subfield code="e">In te Domine speravi, non confundar in aeternum.</subfield>
    <subfield code="c">V141</subfield>
    <subfield code="c">Z1119</subfield>
    <subfield code="d">Dimensioni: 5 x 6,5</subfield>
    <subfield code="f">ANCORA</subfield>
    <subfield code="f">INTEDOMINE</subfield>
    <subfield code="f">MONDO</subfield>
    <subfield code="f">SPERANZA</subfield>
    <subfield code="g">1540-1549</subfield>
  </datafield>
  <datafield tag="921" ind1=" " ind2=" ">
    <subfield code="a">IT\ICCU\CNCM\000208</subfield>
    <subfield code="b">Gambero. Ai lati le iniziali A.P. In cornice</subfield>
    <subfield code="c">Q72</subfield>
    <subfield code="c">V544</subfield>
    <subfield code="c">Z585</subfield>
    <subfield code="d">Con o senza iniziali</subfield>
    <subfield code="f">AP</subfield>
    <subfield code="f">GAMBERO</subfield>
    <subfield code="g">1539-1550</subfield>
  </datafield>
</record>
</collection>
